% Encoding: UTF-8

@Electronic{Merkel2006,
  author       = {{Wolfgang Stock \& Evisco AG}},
  month        = jun,
  year         = {2006},
  title        = {{A}ngela {M}erkel - die {K}anzlerin direkt},
  language     = {Deutsch},
  howpublished = {Video-Podcast (zuletzt zugegriffen 03.06.2018)},
  organization = {Bundesregierung},
  note         = {Https://www.bundesregierung.de/Webs/Breg/DE/Mediathek/Einstieg},
  url          = {https://www.bundesregierung.de/Webs/Breg/DE/Mediathek/Einstieg/mediathek_einstieg_podcasts_node.html},
}

@Electronic{BBCRadio2010,
  author       = {{BBC Radio}},
  month        = sep,
  year         = {2010},
  title        = {{T}he {E}nglish {W}e {S}peak},
  language     = {Englisch},
  howpublished = {Audio Podcast (zuletzt zugegriffen 08.06.2018)},
  organization = {BBC},
  note         = {https://www.bbc.co.uk/programmes/p02pc9zn/episodes/downloads},
  url          = {https://www.bbc.co.uk/programmes/p02pc9zn/episodes/downloads},
}

@Electronic{RSSAB1999,
  author       = {{RSS Advisory Board}},
  year         = {1999},
  title        = {{RSS} 2.0 {S}pecification},
  language     = {Englisch},
  howpublished = {(zuletzt zugegriffen 08.06.2018)},
  organization = {RSS Advisory Board},
  note         = {http://www.rssboard.org/rss-specification},
  url          = {http://www.rssboard.org/rss-specification},
}

@Electronic{JamesRyan2018,
  author       = {{James Ryan}},
  year         = {2018},
  title        = {{S}heldon {C}ounty},
  language     = {Englisch},
  howpublished = {Audio Podcast (In progress) (zuletzt zugegriffen 10.06.2018)},
  note         = {https://www.jamesryan.world/projects/\#/sheldon-county},
  url          = {https://www.jamesryan.world/projects/\#/sheldon-county},
}

@Article{SusannaRasch2016,
  author  = {{Susanna Rasch}},
  title   = {{D}ie {M}acht der {M}arke: {Z}wischen {K}onsument und {P}rosument},
  journal = {Journal für korporative Kommunikation},
  year    = {2016},
  volume  = {1/2016},
  month   = aug,
  issn    = {2365-6662},
  note    = {Herausgeber: Dr. Jan Rommerskirchen},
}

@Book{Daenzler2014,
  title     = {{A}gile {B}randing - {W}ie das digitale {W}erbegut die {K}ommunikation verändert},
  publisher = {Springer-Verlag},
  year      = {2014},
  author    = {Stefanie Dänzler},
  isbn      = {978-3-658-03298-2},
}

@Book{Michelis2014,
  title     = {{D}er vernetzte {K}onsument},
  publisher = {Springer Gabler},
  year      = {2014},
  author    = {Daniel Michelis},
  isbn      = {978-3-8349-3687-5},
}

@Book{Baumann2014,
  title     = {{M}arkenführung durch {S}ocial {D}esign - {W}arum im digitalen {Z}eitalter {B}eziehungen zum {K}apital von {M}arken},
  publisher = {Springer Gabler},
  year      = {2014},
  author    = {{Baumann \& Dänzler}},
}

@Electronic{Heater2018,
  author       = {Brian Heater},
  month        = jun,
  year         = {2018},
  title        = {{A}pple {P}odcasts now hosts more than 550,000 active shows},
  language     = {Englisch},
  howpublished = {Techcrunch.com (zuletzt zugegriffen 10.06.2018)},
  note         = {https://techcrunch.com/2018/06/05/apple-podcasts-now-hosts-more-than-555000-active-shows},
  url          = {https://techcrunch.com/2018/06/05/apple-podcasts-now-hosts-more-than-555000-active-shows},
}

@Article{Evans2008,
  author  = {{C}hris {E}vans},
  title   = {The effectiveness of m-lernung in the form of podcast revision lectures in higher education},
  journal = {ScienceDirect},
  year    = {2008},
  month   = sep,
}

@Article{LeeChan2007,
  author    = {{Mark J. W. Lee \& Anthony Chan}},
  title     = {{P}ervasive, lifestyle-integrated mobile learning for distance learners: {A}n analysis and unexpected results from a podcasting study},
  journal   = {Open Learning: The Journal of Open, Distance and e-Learning},
  year      = {2007},
  volume    = {22},
  number    = {3},
  pages     = {201--218},
  month     = {oct},
  doi       = {10.1080/02680510701619810},
  publisher = {Informa {UK} Limited},
}

@Article{Kang2012,
  author    = {{M. Kang \& U. Gretzel}},
  title     = {{E}ffects of podcast tours on tourist experiences in a national park},
  journal   = {Tourism Management},
  year      = {2012},
  volume    = {33},
  number    = {2},
  pages     = {440--455},
  month     = {apr},
  doi       = {10.1016/j.tourman.2011.05.005},
  publisher = {Elsevier {BV}},
}

@Article{MandySchiefner2008,
  author  = {{Mandy Schiefner}},
  title   = {{P}odcasting – {E}ducating the {N}et {G}eneration!?},
  journal = {Lifetimepodcasting - Proceeding der österreichischen Fachtagung für Podcast},
  year    = {2008},
  url     = {http://fmysql.tugraz.ac.at/~karl/verlagspdf/podcasting_tagungsband.pdf},
}

@Article{Zorn2013,
  author  = {Isabel Zorn, Andreas Auswärter, Marc Krüger \& Heike Seehagen-Marx},
  title   = {{E}ducasting - {W}ie {P}odcasts in {B}ildungskotexten {A}nwendung finden},
  journal = {Lehrbuch für Lernen und Lehren mit Technologien},
  year    = {2013},
  volume  = {2},
  pages   = {257--265},
}

@Article{JuergenHochsam2008,
  author  = {{Jürgen Hochsam}},
  title   = {{W}ie können {P}odcasts die {L}ehre bereichern?},
  journal = {Lifetimepodcasting - Proceeding der österreichischen Fachtagung für Podcast},
  year    = {2008},
  url     = {http://fmysql.tugraz.ac.at/~karl/verlagspdf/podcasting_tagungsband.pdf},
}

@Electronic{ARD/ZDF-Medienkommission2017,
  author       = {ARD/ZDF-Medienkommission},
  year         = {2017},
  title        = {{ARD} und {ZDF}-{O}nlinestudie},
  language     = {deutsch},
  howpublished = {(zuletzt zugegriffen 18.06.2018)},
  note         = {Http://www.ard-zdf-onlinestudie.de},
  url          = {http://www.ard-zdf-onlinestudie.de},
}

@Electronic{YouTubeJung_2011,
  author       = {{Daniel Jung}},
  month        = dec,
  year         = {2011},
  title        = {{Y}ou{T}ube - {M}athe by {D}aniel {J}ung},
  language     = {deutsch},
  howpublished = {(zuletzt zugegriffen 19.06.2018)},
  note         = {Https://www.youtube.com/user/TheSimpleMaths},
  url          = {https://www.youtube.com/user/TheSimpleMaths},
}

@Electronic{Inc.,
  author       = {{Vimeo Inc.}},
  year         = {2004},
  title        = {Vimeo},
  language     = {deutsch},
  howpublished = {(zuletzt zugegriffen 18.06.2018)},
  note         = {Https://vimeo.com},
  url          = {https://vimeo.com},
}

@Electronic{SpotifyAB,
  author       = {{Spotify AB}},
  year         = {2006},
  title        = {Spotify},
  language     = {deutsch},
  howpublished = {(zuletzt zugegriffen 18.06.2018)},
  note         = {Https://www.spotify.com},
  url          = {https://www.spotify.com},
}

@Electronic{AudibleGmbH,
  author       = {{Audible GmbH}},
  year         = {2004},
  title        = {Audible},
  language     = {deutsch},
  howpublished = {(zuletzt zugegriffen 18.06.2018)},
  note         = {Https://www.audible.de},
  url          = {https://www.audible.de},
}

@Electronic{DeezerGmbH,
  author       = {{Deezer GmbH}},
  year         = {2007},
  title        = {Deezer},
  language     = {deutsch},
  howpublished = {(zuletzt zugegriffen 18.06.2018)},
  note         = {Https://www.deezer.com},
  url          = {https://www.deezer.com},
}

@Electronic{BNUG2016,
  author       = {{uBRAIN Bildungsraum im Netz UG}},
  year         = {2016},
  title        = {uBrain},
  language     = {deutsch},
  howpublished = {(zuletzt zugegriffen 20.06.2018)},
  note         = {Https://ubrain.info},
  url          = {https://ubrain.info},
}

@Electronic{MPM2008,
  author       = {{Tim Pritlove (Metaebene Personal Media)}},
  month        = apr,
  year         = {2008},
  title        = {Freakshow},
  language     = {deutsch},
  howpublished = {(zuletzt zugegriffen 22.06.2018)},
  note         = {Https://freakshow.fm},
  url          = {https://freakshow.fm},
}

@Electronic{Apple2001,
  author       = {{Apple Inc.}},
  year         = {2001},
  title        = {iTunes},
  language     = {deutsch},
  howpublished = {(zuletzt zugegriffen 18.06.2018)},
  note         = {Https://www.apple.com/de/itunes},
  url          = {https://www.apple.com/de/itunes},
}

@Electronic{YouTubeLLC,
  author       = {{YouTube LLC}},
  year         = {2005},
  title        = {{Y}ou{T}ube},
  language     = {deutsch},
  howpublished = {(zuletzt zugegriffen 18.06.2018)},
  note         = {Https://www.youtube.com},
  url          = {https://www.youtube.com},
}

@Electronic{YouTubeLLC2005,
  author       = {{YouTube LLC}},
  year         = {2012},
  title        = {{Y}ou{T}ube {S}paces},
  language     = {deutsch},
  howpublished = {(zuletzt zugegriffen 19.06.2018)},
  note         = {Https://www.youtube.com/intl/de/yt/space/},
  url          = {https://www.youtube.com/intl/de/yt/space/},
}

@Electronic{YouTubeMath_2011,
  author       = {{Rouven Zeus \& Simon Frank}},
  month        = nov,
  year         = {2011},
  title        = {{Y}ou{T}ube - {T}he {S}imple {M}ath},
  language     = {deutsch},
  howpublished = {(zuletzt zugegriffen 19.06.2018)},
  note         = {Https://www.youtube.com/user/beckuplearning},
  url          = {https://www.youtube.com/user/beckuplearning},
}

@Electronic{EduversumGmbH1999,
  author       = {{Eduversum GmbH}},
  year         = {1999},
  title        = {Lehrer-Online},
  language     = {deutsch},
  howpublished = {(zuletzt zugegriffen 17.06.2018)},
  note         = {Https://www.lehrer-online.de},
  url          = {https://www.lehrer-online.de},
}

@Electronic{TPPM2005,
  author       = {{Tim Pritlove (Metaebene Personal Media)}},
  month        = nov,
  year         = {2005},
  title        = {CRE: Chaos Radio Express},
  language     = {deutsch},
  howpublished = {(zuletzt zugegriffen 23.06.2018)},
  note         = {Https://cre.fm/},
  url          = {https://cre.fm/},
}

@Electronic{FabioBacigalupo2004,
  author       = {{Fabio Bacigalupo}},
  month        = oct,
  year         = {2004},
  title        = {{G}rafik - {P}odcast.de},
  language     = {deutsch},
  howpublished = {Abbildungs 3.1 (zuletzt zugegriffen 18.06.2018)},
  note         = {Https://www.podcast.de},
  url          = {https://www.podcast.de},
}

@Electronic{MozillaFoundation1995,
  author       = {{Mozilla Foundation}},
  year         = {1995},
  title        = {{G}rafik - {RSS}-{F}eed by {M}ozilla},
  language     = {deutsch},
  howpublished = {Abbildungs 0.1 (zuletzt zugegriffen 20.06.2018)},
  note         = {Https://www.mozilla.org/de},
  url          = {https://www.mozilla.org/de},
}

@Electronic{Statista2018,
  author       = {Statista},
  month        = mar,
  year         = {2018},
  title        = {{A}nteil der {P}odcast {N}utzer an der {B}evölkerung in den {USA} in den {J}ahren 2006 bis 2018},
  language     = {deutsch},
  howpublished = {(zuletzt zugegriffen 21.06.2018)},
  organization = {Statista},
  note         = {Https://de.statista.com/statistik/daten/studie/685641/umfrage/anteil-der-nutzer-von-podcasts-in-den-usa/},
  url          = {https://de.statista.com/statistik/daten/studie/685641/umfrage/anteil-der-nutzer-von-podcasts-in-den-usa/},
}

@Electronic{Newton2018,
  author       = {Casey Newton},
  month        = jun,
  year         = {2018},
  title        = {{G}oogle launches a podcast app for {A}ndroid with personalized recommendations},
  language     = {english},
  howpublished = {The Verge (zuletzt zugegriffen 21.06.2018)},
  organization = {The Verge},
  note         = {Https://www.theverge.com/2018/6/19/17475878/google-podcast-app-android-download-launch-date},
  url          = {https://www.theverge.com/2018/6/19/17475878/google-podcast-app-android-download-launch-date},
}

@Electronic{Statista2017,
  author       = {Statista},
  year         = {2017},
  title        = {{R}anking deutscher {Y}ou{T}ube-{K}anäle nach den geschätzten {W}erbeeinnahmen im {J}ahr 2017},
  language     = {deutsch},
  howpublished = {(zuletzt zugegriffen 21.06.2018)},
  organization = {Statista},
  note         = {Https://de.statista.com/statistik/daten/studie/802920/umfrage/deutsche-youtube-kanaele-nach-werbeeinnahmen/},
  url          = {https://de.statista.com/statistik/daten/studie/802920/umfrage/deutsche-youtube-kanaele-nach-werbeeinnahmen/},
}

@Electronic{Welle2018,
  author       = {{Deutsche Welle}},
  year         = {2018},
  title        = {{D}eutsch {A}ktuell - {L}angsam gesprochene {N}achrichten},
  howpublished = {(zuletzt zugegriffen 21.06.2018)},
  organization = {Deutsche Welle},
  note         = {Http://www.dw.com/de/deutsch-lernen/nachrichten/s-8030},
  url          = {http://www.dw.com/de/deutsch-lernen/nachrichten/s-8030},
}

@Comment{jabref-meta: databaseType:bibtex;}
